<?xml version="1.0" encoding="utf-8"?>
<record xmlns="http://www.loc.gov/MARC21/slim" xmlns:xsi="http://www.w3.org/2001/XMLSchema-instance" xsi:schemaLocation="http://www.loc.gov/MARC21/slim http://www.loc.gov/standards/marcxml/schema/MARC21slim.xsd">
	<leader>     nam a22     Mi 4500</leader>
	<controlfield tag="001">6330</controlfield>
	<controlfield tag="003">aeadna</controlfield>
	<controlfield tag="006">m        d        </controlfield>
	<controlfield tag="007">cr cn |||m|||a</controlfield>
	<controlfield tag="008">220328s1935    ua b   foar  a00  0cara d</controlfield>
	<datafield ind1=" " ind2=" " tag="040">
		<subfield code="a">ZYU</subfield>
		<subfield code="b">ara</subfield>
		<subfield code="c">ZYU</subfield>
	</datafield>
	<datafield ind1="0" ind2=" " tag="041">
		<subfield code="a">ara</subfield>
	</datafield>
	<datafield ind1=" " ind2="4" tag="050">
		<subfield code="a">CS2970</subfield>
		<subfield code="b">.M88 1935</subfield>
	</datafield>
	<datafield ind1="1" ind2="0" tag="082">
		<subfield code="a">920.056</subfield>
		<subfield code="b">21</subfield>
	</datafield>
	<datafield ind1="1" ind2=" " tag="100">
		<subfield code="6">880-01</subfield>
		<subfield code="a">Muṣṭafá, Maḥmūd.</subfield>
	</datafield>
	<datafield ind1="0" ind2="0" tag="245">
		<subfield code="6">880-02</subfield>
		<subfield code="a">Iʻjām al-aʻlām</subfield>
		<subfield code="h">[electronic resource] :</subfield>
		<subfield code="b">yahdī ilá mā yaṣʻub al-tahaddī ilá ḍabṭihi min aʻlām al-anāsī wa-al-bilād wa-ghayrihumā, maʻa al-taʻrīf bi-hādhihi al-aʻlām taʻrīfan yakshifu ghāmiḍuhā wa-yalimu bi-aṭrāf mā ʻurifa ʻanhā /</subfield>
		<subfield code="c">taʼlīf Maḥmūd Muṣṭafá, ustādh al-adab al-arabī bi-Kullīyat al-Lughah al-ʻArabīyah min al-Jāmiʻah al-Azharīyah.</subfield>
	</datafield>
	<datafield ind1=" " ind2=" " tag="260">
		<subfield code="6">880-03</subfield>
		<subfield code="a">al-Qāhirah :</subfield>
		<subfield code="b">Jamʻat Dār al-ʻUlūm;</subfield>
		<subfield code="a">(al-Qāhirah : al-Maṭbaʻat al-Raḥmānīyah),</subfield>
		<subfield code="c">1935 M.</subfield>
	</datafield>
	<datafield ind1=" " ind2=" " tag="300">
		<subfield code="6">880-04</subfield>
		<subfield code="a">online resource (249 pages) :</subfield>
		<subfield code="b">maps</subfield>
	</datafield>
	<datafield ind1=" " ind2=" " tag="500">
		<subfield code="a">Non-Latin script record</subfield>
	</datafield>
	<datafield ind1=" " ind2=" " tag="500">
		<subfield code="a">Part of the Arabic Collections Online (ACO) project, contributed by United Arab Emirates National Archives.</subfield>
	</datafield>
	<datafield ind1=" " ind2=" " tag="533">
		<subfield code="a">Electronic reproduction.</subfield>
		<subfield code="b">New York, N.Y. :</subfield>
		<subfield code="c">New York University,</subfield>
		<subfield code="d">2022.</subfield>
		<subfield code="5">NNU</subfield>
	</datafield>
	<datafield ind1=" " ind2="0" tag="650">
		<subfield code="6">880-05</subfield>
		<subfield code="a">Names, Personal,</subfield>
		<subfield code="v">Dictionaries.</subfield>
	</datafield>
	<datafield ind1=" " ind2="0" tag="650">
		<subfield code="6">880-06</subfield>
		<subfield code="a">Names, Geographical</subfield>
		<subfield code="v">Dictionaries.</subfield>
	</datafield>
	<datafield ind1=" " ind2="0" tag="651">
		<subfield code="6">880-07</subfield>
		<subfield code="a">Cities</subfield>
		<subfield code="z">Arab countries</subfield>
		<subfield code="v">Dictionaries.</subfield>
	</datafield>
	<datafield ind1=" " ind2="0" tag="651">
		<subfield code="6">880-08</subfield>
		<subfield code="a">Arab countries</subfield>
		<subfield code="v">Biography.</subfield>
	</datafield>
	<datafield ind1="2" ind2=" " tag="710">
		<subfield code="a">Abu Dhabi (United Arab Emirates).</subfield>
		<subfield code="b">National Archives.</subfield>
	</datafield>
	<datafield ind1="0" ind2=" " tag="730">
		<subfield code="a">Arabic Collections Online.</subfield>
	</datafield>
	<datafield ind1="0" ind2="8" tag="776">
		<subfield code="i">Print version:</subfield>
		<subfield code="a">Muṣṭafá, Maḥmūd.</subfield>
		<subfield code="t">Iʻjām al-aʻlām</subfield>
		<subfield code="w">(aeadna)6330</subfield>
	</datafield>
	<datafield ind1="4" ind2="0" tag="856">
		<subfield code="u">http://hdl.handle.net/2333.1/v41nscpx</subfield>
	</datafield>
	<datafield ind1="1" ind2=" " tag="880">
		<subfield code="6">100-01</subfield>
		<subfield code="a">مصطفى، محمود</subfield>
	</datafield>
	<datafield ind1="0" ind2="0" tag="880">
		<subfield code="6">245-02</subfield>
		<subfield code="a">إعجام الأعلام :</subfield>
		<subfield code="b">يهدي إلى ما يصعب التهدي إلى ضبطه من أعلام الاناسي والبلاد وغيرهما، مع التعريف بهذه الأعلام تعريفا يكشف غامضها ويلم بأطراف ما عرف عنها /</subfield>
		<subfield code="c">تأليف محمود مصطفى، أستاذ الأدب العربى بكلية اللغة العربية من الجامعة الأزهرية.</subfield>
	</datafield>
	<datafield ind1=" " ind2=" " tag="880">
		<subfield code="6">260-03</subfield>
		<subfield code="a">القاهرة :</subfield>
		<subfield code="b">جماعة دار العلوم؛</subfield>
		<subfield code="a">(القاهرة : المطبعة الرحمانية)،</subfield>
		<subfield code="c">1935م.</subfield>
	</datafield>
	<datafield ind1=" " ind2=" " tag="880">
		<subfield code="6">300-04</subfield>
		<subfield code="a">249 ص. :</subfield>
		<subfield code="b">خرائط؛</subfield>
		<subfield code="c">23سم.</subfield>
	</datafield>
	<datafield ind1=" " ind2=" " tag="880">
		<subfield code="6">500-00</subfield>
		<subfield code="a">&quot;تجد به نحو 1000 علم من أعلام الأناسي و المواضع و تجد به خمس مصورات مفصلة للبلاد التي عرفها الإسلام منذ الفتح إلى اليوم&quot;.</subfield>
	</datafield>
	<datafield ind1=" " ind2=" " tag="880">
		<subfield code="6">500-00</subfield>
		<subfield code="a">الكتاب مرّتب &quot;على الّشهرة التي ذاعت وعرف بها المترجم، فلأصمعي تم ذكره في باب الهمزة لشهرته بلقب الأصمعي...&quot;</subfield>
	</datafield>
	<datafield ind1=" " ind2=" " tag="880">
		<subfield code="6">500-00</subfield>
		<subfield code="a">الباب الثاني من الكتاب  &quot; في أعلام المواضع من بلاد وآطام&quot;. ص202-238</subfield>
	</datafield>
	<datafield ind1=" " ind2=" " tag="880">
		<subfield code="6">500-00</subfield>
		<subfield code="a">في أعلى صفحة العنوان :&quot; أول كتاب تخرجه جماعة دار العلوم بإقرار لجنتها العلمية&quot;</subfield>
	</datafield>
	<datafield ind1=" " ind2=" " tag="880">
		<subfield code="6">541-00</subfield>
		<subfield code="a">هدية سمو الشيخ فالح بن ناصر آل ثاني إلى مكتبة مركز الوثائق والدراسات أبو ظبي</subfield>
	</datafield>
	<datafield ind1=" " ind2="4" tag="880">
		<subfield code="6">650-05</subfield>
		<subfield code="a">أسماء الأشخاص</subfield>
		<subfield code="v">تراجم</subfield>
	</datafield>
	<datafield ind1=" " ind2="4" tag="880">
		<subfield code="6">650-06</subfield>
		<subfield code="a">الأسماء الجغرافية</subfield>
		<subfield code="v">معاجم</subfield>
	</datafield>
	<datafield ind1=" " ind2="4" tag="880">
		<subfield code="6">651-07</subfield>
		<subfield code="a">المدن</subfield>
		<subfield code="z">العالم العربي</subfield>
		<subfield code="v">معاجم</subfield>
	</datafield>
	<datafield ind1=" " ind2="4" tag="880">
		<subfield code="6">651-08</subfield>
		<subfield code="a">العالم العربي</subfield>
		<subfield code="v">تراجم</subfield>
	</datafield>
	<datafield ind1=" " ind2=" " tag="880">
		<subfield code="6">949-00</subfield>
		<subfield code="a">920.056 ك ص أ غ</subfield>
		<subfield code="w">DDC</subfield>
		<subfield code="i">30018000012220</subfield>
		<subfield code="u">06/23/2003</subfield>
		<subfield code="d">04/26/2010</subfield>
		<subfield code="n">0</subfield>
		<subfield code="t">Book</subfield>
		<subfield code="l">av</subfield>
		<subfield code="m">MAIN</subfield>
		<subfield code="x">RAR</subfield>
	</datafield>
	<datafield ind1=" " ind2=" " tag="880">
		<subfield code="6">990-09</subfield>
		<subfield code="a">مكتبة الشيخ فالح</subfield>
	</datafield>
	<datafield ind1=" " ind2=" " tag="959">
		<subfield code="a">NNU</subfield>
		<subfield code="b">WEB</subfield>
		<subfield code="c">GENI</subfield>
		<subfield code="t">0</subfield>
		<subfield code="m">Electronic access</subfield>
		<subfield code="s">01</subfield>
	</datafield>
	<datafield ind1=" " ind2=" " tag="999">
		<subfield code="i">aeadna_6330</subfield>
		<subfield code="s">uaena_aco000080:1</subfield>
		<subfield code="e">(ERROR-880)</subfield>
		<subfield code="s">uaena_aco000080:1</subfield>
	</datafield>
	<datafield ind1=" " ind2=" " tag="990">
		<subfield code="6">880-09</subfield>
		<subfield code="a">Maktabat al-Shaykh Fāliḥ</subfield>
	</datafield>
</record>
